<?xml version="1.0" encoding="UTF-8"?><record xmlns="http://www.loc.gov/MARC21/slim" xmlns:cinclude="http://apache.org/cocoon/include/1.0" xmlns:zs="http://www.loc.gov/zing/srw/">
  <leader>00752cz  a2200181n  4500</leader>
  <controlfield tag="001">n  00022240 </controlfield>
  <controlfield tag="003">DLC</controlfield>
  <controlfield tag="005">20100527074639.0</controlfield>
  <controlfield tag="008">000113n| acannaabn          |a aaa      </controlfield>
  <datafield tag="010" ind1=" " ind2=" ">
    <subfield code="a">n  00022240 </subfield>
  </datafield>
  <datafield tag="035" ind1=" " ind2=" ">
    <subfield code="a">(OCoLC)oca05136765</subfield>
  </datafield>
  <datafield tag="040" ind1=" " ind2=" ">
    <subfield code="a">DLC</subfield>
    <subfield code="b">eng</subfield>
    <subfield code="c">DLC</subfield>
    <subfield code="d">DLC</subfield>
    <subfield code="d">CU</subfield>
    <subfield code="d">DLC</subfield>
  </datafield>
  <datafield tag="100" ind1="1" ind2=" ">
    <subfield code="a">Marreiros, Carlos</subfield>
  </datafield>
  <datafield tag="400" ind1="0" ind2=" ">
    <subfield code="a">Maruolong</subfield>
  </datafield>
  <datafield tag="670" ind1=" " ind2=" ">
    <subfield code="a">Raid terrestre Macau-Lisboa, 1989:</subfield>
    <subfield code="b">t.p. (Carlos Marreiros) p. 38 (well-known journalist in Macao)</subfield>
  </datafield>
  <datafield tag="670" ind1=" " ind2=" ">
    <subfield code="a">Ung Vai Meng desenhos, 1989:</subfield>
    <subfield code="b">t.p. (Carolos Marreiros, Maruolong [in Chi.])</subfield>
  </datafield>
  <datafield tag="670" ind1=" " ind2=" ">
    <subfield code="a">Un architetto fra due culture, Marreiros, 2007:</subfield>
    <subfield code="b">p. 304 (Carlos Marreiros; b. 1957; BArch, MArch; professor, writer and artist)</subfield>
  </datafield>
  <datafield tag="670" ind1=" " ind2=" ">
    <subfield code="a">Carlos Marreiros, 1998:</subfield>
    <subfield code="b">p. 43 (Carlos Marreiros; b. 1957 in Macau)</subfield>
  </datafield>
</record>